@misc{Endre_notes,
  title = "Numerical solution for differential equations \RN{1}",
  author = {E. S\"{u}li},
  organization = "Mathematical Institute, University of Oxford",
  howpublished = "lecture notes for Numerical Solution for Differential Equations \RN{1}",
  year = "2020"
}
@misc{CalcWorkshop2019,
   author = {Calc\hspace{2pt}Workshop},
   title = {How to do Euler's Method? Simply Explained in 3 Powerful Examples},
   howpublished = {\url{ https://calcworkshop.com/first-order-differential-equations/eulers-method-table/}},
   year = {2019},
   note = {Accessed: 2021-04-03}
}
@book{Keener2009,
   author = {J. P Keener and J. Sneyd},
   city = {New York},
   edition = {2nd ed.},
   isbn = {9780387758466},
   keywords = {Mathematics,Physiology,Physiology -- Mathematics},
   publisher = {Springer},
   title = {Mathematical physiology},
   year = {2009},
}
@article{Chapwanya2018,
   author = {M Chapwanya and O. A Jejeniwa and A. R Appadu and J. M.-S Lubuma},
   doi = {10.1080/00207160.2018.1546849},
   issn = {0020-7160},
   issue = {10},
   journal = {International journal of computer mathematics},
   keywords = {Computer Science,Equilibrium Point,Fitzhugh-Nagumo,Kinematic Model,Nonstandard Finite Difference},
   pages = {1993-2009},
   publisher = {Taylor & Francis},
   title = {An explicit nonstandard finite difference scheme for the FitzHugh-Nagumo equations},
   volume = {96},
   year = {2018},
}

@book{Forsythe1977,
   author = {George E Forsythe and Michael A. Malcolm and Cleve B Moler},
   city = {Englewood Cliffs, N.J},
   isbn = {9780131653320},
   keywords = {FORTRAN (Computer program language),Numerical analysis -- Data processing},
   publisher = {Prentice-Hall},
   title = {Computer methods for mathematical computations},
   year = {1977},
}